% This file was created with JabRef 2.10.
% Encoding: UTF8


@Book{LatexBegleiter,
  Title                    = {Der {\LaTeX}-Begleiter},
  Author                   = {Frank Mittelbach and Michel Goossens},
  Publisher                = {PearsonStudium},
  Year                     = {2005},

  Address                  = {M\"unchen},
  Edition                  = {2},
  Note                     = {Unter Mitarbeit von Johannes Braams, David Carlisle, und Chris Rowley},

  Owner                    = {markus},
  Timestamp                = {2019.06.17}
}

@Misc{LatexWiki,
  Title                    = {LaTeX},

  Author                   = {Wikipedia},
  HowPublished             = {\url{https://de.wikipedia.org/wiki/LaTeX}},
  Note                     = {accessed [03.17.20]},

  Owner                    = {markus},
  Timestamp                = {2020.03.17}
}

@Misc{BibtexWiki,
  Title                    = {BibTeX},
  HowPublished             = {\url{https://de.wikipedia.org/wiki/BibTeX}},
  Note                     = {accessed [03.17.20]},

  Owner                    = {markus},
  Timestamp                = {2020.03.17}
}

